<record><leader>00000cas a22000007a 4500</leader><controlfield tag="001">9430276</controlfield><controlfield tag="008">830420d19001901ksuwr ne      0    0eng d</controlfield><controlfield tag="009">3789</controlfield><datafield ind1=" " ind2=" " tag="010"><subfield code="a">sn 83040090 </subfield></datafield><datafield ind1=" " ind2=" " tag="040"><subfield code="a">KSH</subfield><subfield code="b">eng</subfield><subfield code="c">KSH</subfield><subfield code="d">NPT</subfield><subfield code="d">NPX</subfield></datafield><datafield ind1="1" ind2=" " tag="029"><subfield code="a">AU@</subfield><subfield code="b">000025789472</subfield></datafield><datafield ind1=" " ind2=" " tag="042"><subfield code="a">msc</subfield></datafield><datafield ind1="0" ind2=" " tag="130"><subfield code="a">Atchison champion (1900)</subfield></datafield><datafield ind1="0" ind2="4" tag="245"><subfield code="a">The Atchison champion.</subfield></datafield><datafield ind1=" " ind2=" " tag="260"><subfield code="a">Atchison, Kan. :</subfield><subfield code="b">Ewing Herbert,</subfield><subfield code="c">1900-1901.</subfield></datafield><datafield ind1=" " ind2=" " tag="300"><subfield code="a">2 v. :</subfield><subfield code="b">ill. ;</subfield><subfield code="c">45-75 cm.</subfield></datafield><datafield ind1=" " ind2=" " tag="310"><subfield code="a">Weekly</subfield></datafield><datafield ind1="0" ind2=" " tag="362"><subfield code="a">Vol. 46, no. 41 (Oct. 13, 1900)-v. 47, no. 15 (April 18, 1901).</subfield></datafield><datafield ind1=" " ind2=" " tag="500"><subfield code="a">"Republican."</subfield></datafield><datafield ind1="1" ind2=" " tag="700"><subfield code="a">Herbert, Ewing.</subfield></datafield><datafield ind1=" " ind2=" " tag="752"><subfield code="a">United States</subfield><subfield code="b">Kansas</subfield><subfield code="c">Atchison</subfield><subfield code="d">Atchison.</subfield></datafield><datafield ind1="0" ind2="0" tag="780"><subfield code="t">Saturday Atchison champion</subfield><subfield code="w">(DLC)sn 83040085</subfield></datafield><datafield ind1="0" ind2="4" tag="785"><subfield code="t">Atchison daily champion (1871)</subfield><subfield code="w">(DLC)sn 82015824</subfield></datafield></record>